@article{einstein,
    author        = {Albert Einstein},
    title         = {Zur Elektrodynamik bewegter K{\"o}rper. (German) [On the electrodynamics of moving bodies]},
    journaltitle  = {Annalen der Physik},
    year          = {1905},
    volume        = {322},
    number        = {10},
    pages         = {891-921},
    doi           = {http://dx.doi.org/10.1002/andp.19053221004}
}

@book{sakurai1995modern,
  title={Modern quantum mechanics, revised edition},
  author={Sakurai, Jun John and Commins, Eugene D},
  year={1995},
  publisher={AAPT}
}

@book{szabo1996modern,
  title={Modern Quantum Chemistry: Introduction to advanced electronic structure theory},
  author={Szabo, Attila and Ostlund, Neil S},
  year={1996},
  publisher={Dover Publications Inc}
}

@misc{sherrill2000,
  title={An Introduction to Hartree-Fock Molecular Orbital Theory},
  author={Sherrill, C. David},
  year={2000},
  publisher={Georgia Institute of Technology},
  howpublished={\url{http://vergil.chemistry.gatech.edu/notes/hf-intro
      /hf-intro.html}},
  note={Online; accessed March 2019}
}

@misc{hjensen2019,
  title={FYS4411/9411: Computational Physics 2 notes,
  Definitions of the many-body problem and Hartree-Fock theory},
  author={Hjorth-Jensen, Morten},
  year={2019},
  publisher={Department of Physics, University of Oslo},
  howpublished={\url{https://compphysics.github.io/ComputationalPhysics2
      /doc/web/course}},
  note={Online; accessed March 2019}
}
